% Encoding: UTF-8

@Misc{bookexample,
 title = {Фамилия И.О. Название книги. — Город издательства: <<Издательство>>, Год. — Количество страниц.}
}

@Misc{book1author,
 title = {МакГрат М. Python. Программирование для начинающих / пер. с англ. Михаил Райтман. — М: <<Эксмо>>, 2015. — 194.}
}

@Misc{book5author,
  title = {Python 3 и PyQt 5. Разработка приложений / В. Дронов, Н. Прохоренок. — М: <<БХВ-Петербург>>, 2013. — 830.}
}

@Misc{wikiRUArkanoid,
 title = {Arkanoid [Электронный ресурс] Википедия — свободная энцциклопедия. Режим доступа: \href{https://ru.wikipedia.org/wiki/Arkanoid}{https://ru.wikipedia.org/wiki/Arkanoid}.},
 urldate = {2024-02-14}
}

@Misc{wikiRUQtDocumentation,
 title = {Qt for Python [Электронный ресурс] Qt Documentation. Режим доступа: \href{https://doc.qt.io/qtforpython-6/index.html}{https://doc.qt.io/qtforpython-6/index.html}.},
 urldate = {2024-02-16}
}

@Misc{wikiRUHabr,
 title = {PyQt6 [Электронный ресурс] Хабр. Режим доступа: \href{https://habr.com/ru/companies/skillfactory/articles/599599/}{https://habr.com/ru/companies/skillfactory/articles/599599/}.},
 urldate = {2023-06-18}
}

@Comment{jabref-meta: databaseType:biblatex;}
