% Encoding: UTF-8

@Misc{bookexample,
 title = {Фамилия И.О. Название книги. — Город издательства: <<Издательство>>, Год. — Количество страниц.}
}

@Misc{book1author,
 title = {МакГрат М. Python. Программирование для начинающих / пер. с англ. Михаил Райтман. — М: <<Эксмо>>, 2015. — 194.}
}

@Misc{book1author1,
 title = {Хайнеман Д. Алгоритмы. С примерами на Python / пер. с англ. : <<Питер>>, 2023. —     304.}
}

@Misc{book1author4,
 title = {Янцев В.. Web-программирование на Python. Учебное пособие для СПО / <<Лань>>, 2022. — 112.}
}



@Misc{book1author3,
 title = {Доусон М. Программируем на Python / пер. с англ. Матвеев Евгений Павлович : <<Питер>>, 2022. — 521 с}
}

@Misc{book1author2,
 title = {Мэтиз Э. Изучаем Python: программирование игр, визуализация данных, веб-приложения. / пер. с англ. : <<Питер>>, 2022. — 416 с}
}

Изучаем Python: программирование игр, визуализация данных, веб-приложения.

@Misc{book5author,
  title = {Python 3 и PyQt 5. Разработка приложений / В. Дронов, Н. Прохоренок. — М: <<БХВ-Петербург>>, 2013. — 830.}
}


@Misc{wikiRUArkanoid,
 title = {Arkanoid [Электронный ресурс] Википедия — свободная энцциклопедия. Режим доступа: \href{https://ru.wikipedia.org/wiki/Arkanoid}{https://ru.wikipedia.org/wiki/Arkanoid}.},
 urldate = {2024-02-14}
}

@Misc{wikiRUQtDocumentation,
 title = {Qt for Python [Электронный ресурс] Qt Documentation. Режим доступа: \href{https://doc.qt.io/qtforpython-6/index.html}{https://doc.qt.io/qtforpython-6/index.html}.},
 urldate = {2024-02-16}
}

@Misc{wikiRUHabr,
 title = {PyQt6 [Электронный ресурс] Хабр. Режим доступа: \href{https://habr.com/ru/companies/skillfactory/articles/599599/}{https://habr.com/ru/companies/skillfactory/articles/599599/}.},
 urldate = {2023-06-18}
}

@Misc{wikiRUHabr2,
 title = {Основные недостатки языка Python [Электронный ресурс] Хабр. Режим доступа: \href{https://habr.com/ru/articles/504126/}{https://habr.com/ru/articles/504126/}.},
 urldate = {2023-06-18}
}

@Misc{wikiRUHabr3,
 title = {Python, Qt и немного кроссплатформенности [Электронный ресурс] Хабр. Режим доступа: \href{https://habr.com/ru/articles/78238/} {https://habr.com/ru/articles/78238/}.},
 urldate = {2023-06-18}
}

@Misc{wikiRUHabr4,
 title = { PySide6 tutorial — Create GUI applications with Python  [Электронный ресурс] pythonguis. Режим доступа: \href{https://www.pythonguis.com/pyside6-tutorial/} {https://www.pythonguis.com/pyside6-tutorial/}.},
 urldate = {2023-06-18}
}

@Misc{wikigeeksforgeeks,
 title = {Python Random Module [Электронный ресурс] geeksforgeeks. Режим доступа: \href{https://www.geeksforgeeks.org/python-random-module/}{https://www.geeksforgeeks.org/python-random-module/}.},
 urldate = {2023-06-18}
}


@Misc{wikiRUHabr5,
 title = {Введение в Python [Электронный ресурс] Хабр. Режим доступа: \href{https://habr.com/ru/articles/450474/}{https://habr.com/ru/articles/450474/}.},
 urldate = {2023-06-18}
}

@Misc{wikiRUHabr6,
 title = {В чем преимущества языка Python  [Электронный ресурс] program-class. Режим доступа: \href{https://www.program-class.ru/blog/computer-science/advantages-of-python.html}{https://www.program-class.ru/blog/computer-science/advantages-of-python.html}.},
 urldate = {2023-06-18}
}

@Misc{wikiRUHabr7,
 title = {Arkanoid  [Электронный ресурс] treegame. Режим доступа: \href{http://www.treegame.ru/help/arkanoid.php}{http://www.treegame.ru/help/arkanoid.php}.},
 urldate = {2023-06-18}
}

@Comment{jabref-meta: databaseType:biblatex;}
